<?xml version="1.0" encoding="UTF-8"?><collection xmlns="http://www.loc.gov/MARC21/slim"><record><leader>00516nam--2200193-i-4500</leader><controlfield tag="001">000007083</controlfield><controlfield tag="002">20161230</controlfield><controlfield tag="005">20161230201027</controlfield><controlfield tag="008">060222s1000------------r-----000-0-rum-d</controlfield><datafield ind1=" " ind2=" " tag="040"><subfield code="a">IFIN-HH</subfield></datafield><datafield ind1=" " ind2=" " tag="041"><subfield code="a">rum</subfield></datafield><datafield ind1=" " ind2=" " tag="080"><subfield code="a">537.56:537.52</subfield></datafield><datafield ind1="1" ind2=" " tag="100"><subfield code="a">Badarau, Eugen</subfield></datafield><datafield ind1="1" ind2="0" tag="245"><subfield code="a">Gaze ionizate</subfield><subfield code="b">Descarcari electrice in gaze</subfield><subfield code="c">Eugen badarau, iovitu popescu</subfield></datafield><datafield ind1=" " ind2=" " tag="260"><subfield code="a">Bucuresti</subfield><subfield code="b">Editura Tehnica</subfield><subfield code="c">1965</subfield></datafield><datafield ind1=" " ind2=" " tag="300"><subfield code="a">323 P</subfield></datafield><datafield ind1="1" ind2=" " tag="700"><subfield code="a">Popescu, Iovitu</subfield></datafield><datafield ind1=" " ind2=" " tag="852"><subfield code="a">20811</subfield><subfield code="c">537.52</subfield></datafield><datafield ind1=" " ind2=" " tag="CAT"><subfield code="a">Sys</subfield><subfield code="c">20110803</subfield><subfield code="h">160654</subfield></datafield></record></collection>